<?xml version="1.0" encoding="UTF-8"?><record xmlns="http://www.loc.gov/MARC21/slim" xmlns:cinclude="http://apache.org/cocoon/include/1.0" xmlns:zs="http://www.loc.gov/zing/srw/">
  <leader>00831cz  a2200193n  4500</leader>
  <controlfield tag="001">nr 88010141 </controlfield>
  <controlfield tag="003">DLC</controlfield>
  <controlfield tag="005">20081019080406.0</controlfield>
  <controlfield tag="008">881020nc acannaabn          |b ana     c</controlfield>
  <datafield tag="010" ind1=" " ind2=" ">
    <subfield code="a">nr 88010141 </subfield>
  </datafield>
  <datafield tag="035" ind1=" " ind2=" ">
    <subfield code="a">(OCoLC)oca02939250</subfield>
  </datafield>
  <datafield tag="040" ind1=" " ind2=" ">
    <subfield code="a">NjP</subfield>
    <subfield code="b">eng</subfield>
    <subfield code="c">NjP</subfield>
    <subfield code="d">OCoLC</subfield>
  </datafield>
  <datafield tag="110" ind1="2" ind2=" ">
    <subfield code="a">Zhong nan min zu xue yuan (China).</subfield>
    <subfield code="b">Zhong wen xi.</subfield>
    <subfield code="b">Zi liao shi</subfield>
  </datafield>
  <datafield tag="410" ind1="2" ind2=" ">
    <subfield code="a">Zhong nan min zu xue yuan Zhong wen xi zi liao shi (China)</subfield>
  </datafield>
  <datafield tag="410" ind1="2" ind2=" ">
    <subfield code="w">nnea</subfield>
    <subfield code="a">Chung nan min tsu hsüeh yüan (China).</subfield>
    <subfield code="b">Chung wen hsi.</subfield>
    <subfield code="b">Tzu liao shih</subfield>
  </datafield>
  <datafield tag="410" ind1="2" ind2=" ">
    <subfield code="a">中南民族学院 (China).</subfield>
    <subfield code="b">中文系.</subfield>
    <subfield code="b">资料室</subfield>
  </datafield>
  <datafield tag="667" ind1=" " ind2=" ">
    <subfield code="a">Machine-derived non-Latin script reference project.</subfield>
  </datafield>
  <datafield tag="667" ind1=" " ind2=" ">
    <subfield code="a">Non-Latin script reference not evaluated.</subfield>
  </datafield>
  <datafield tag="670" ind1=" " ind2=" ">
    <subfield code="a">Chung-kuo shao shu min tsu yü yen ... 1987 or 1988:</subfield>
    <subfield code="b">t.p. (Chung nan min tsu hsüeh yüan Chung wen hsi tzu liao shih)</subfield>
  </datafield>
</record>